<record><leader>00000cas a22000007a 4500</leader><controlfield tag="001">9526850</controlfield><controlfield tag="008">830519d18631863mauwr ne      0    0eng d</controlfield><datafield ind1=" " ind2=" " tag="010"><subfield code="a">sn 83020745 </subfield></datafield><datafield ind1=" " ind2=" " tag="040"><subfield code="a">NPX</subfield><subfield code="b">eng</subfield><subfield code="c">NPX</subfield><subfield code="d">MGN</subfield><subfield code="d">OCLCQ</subfield></datafield><datafield ind1=" " ind2=" " tag="042"><subfield code="a">msc</subfield></datafield><datafield ind1="0" ind2="0" tag="245"><subfield code="a">Randolph transcript and advertiser.</subfield></datafield><datafield ind1="1" ind2="3" tag="246"><subfield code="a">Transcript and advertiser</subfield></datafield><datafield ind1="1" ind2="7" tag="246"><subfield code="a">Randolph transcript and Norfolk County advertiser</subfield></datafield><datafield ind1=" " ind2=" " tag="260"><subfield code="a">Randolph, Mass. :</subfield><subfield code="b">Samuel P. Brown</subfield></datafield><datafield ind1=" " ind2=" " tag="300"><subfield code="a">v.</subfield></datafield><datafield ind1=" " ind2=" " tag="310"><subfield code="a">Weekly</subfield></datafield><datafield ind1="0" ind2=" " tag="362"><subfield code="a">Vol. 7, no. 1 (Apr. 4, 1863)-v. 7, no. 26 (Oct. 10, 1863).</subfield></datafield><datafield ind1=" " ind2=" " tag="500"><subfield code="a">Discontinued for lack of profit. Due to public demand, publisher renewed publication in 1865 with the Transcript and advertiser.</subfield></datafield><datafield ind1=" " ind2=" " tag="752"><subfield code="a">United States</subfield><subfield code="b">Massachusetts</subfield><subfield code="c">Norfolk</subfield><subfield code="d">Randolph.</subfield></datafield><datafield ind1="0" ind2="0" tag="780"><subfield code="t">Randolph advertiser</subfield><subfield code="w">(DLC)sn 83020744</subfield></datafield><datafield ind1="0" ind2="0" tag="785"><subfield code="t">Transcript and advertiser</subfield><subfield code="w">(DLC)sn 83020746</subfield></datafield></record>